@book{gamma:1995,
	author = {Gamma, Erich and Helm, Richard and Johnson, Ralph and Vlissides, John},
	title = {Design Patterns: Elements of Reusable Object-oriented Software},
	year = {1995},
	isbn = {0-201-63361-2},
	publisher = {Addison-Wesley Longman Publishing Co., Inc.},
	address = {Boston, MA, USA},
}

@article{krasner:1988,
	author = {Krasner, Glenn E. and Pope, Stephen T.},
	title = {A Cookbook for Using the Model-view Controller User Interface Paradigm in Smalltalk-80},
	journal = {J. Object Oriented Program.},
	issue_date = {Aug./Sept. 1988},
	volume = {1},
	number = {3},
	month = aug,
	year = {1988},
	issn = {0896-8438},
	pages = {26--49},
	numpages = {24},
	acmid = {50759},
	publisher = {SIGS Publications},
	address = {Denville, NJ, USA},
}

@book{levine:1992,
	author = {Levine, John and Mason, Tony and Brown, Doug},
	title = {Lex \& Yacc, 2nd Edition},
	year = {1992},
	isbn = {9781565920002},
	edition = {Second},
	publisher = {O'Reilly},
}

@inproceedings{parr:2004,
	author = {Parr, Terence John},
	title = {Enforcing Strict Model-view Separation in Template Engines},
	booktitle = {Proceedings of the 13th International Conference on World Wide Web},
	series = {WWW '04},
	year = {2004},
	isbn = {1-58113-844-X},
	location = {New York, NY, USA},
	pages = {224--233},
	numpages = {10},
	doi = {10.1145/988672.988703},
	acmid = {988703},
	publisher = {ACM},
	address = {New York, NY, USA},
	keywords = {model-view-controller, template engine, web application},
}

@inproceedings{gagnon:1998, 
	author={Gagnon, E.M. and Hendren, L.J.}, 
	booktitle={Technology of Object-Oriented Languages, 1998. TOOLS 26. Proceedings}, 
	title={SableCC, an object-oriented compiler framework}, 
	year={1998}, 
	month={Aug}, 
	pages={140-154}, 
	doi={10.1109/TOOLS.1998.711009},
}

@article {tanumoy:2012,
	author = {Pati, Tanumoy and Hill, James H.},
	title = {A survey report of enhancements to the visitor software design pattern},
	journal = {Software: Practice and Experience},
	volume = {44},
	number = {6},
	issn = {1097-024X},
	doi = {10.1002/spe.2167},
	pages = {699--733},
	keywords = {design patterns, Visitor pattern, survey, extended Visitor patterns, alternative Visitor patterns},
	year = {2014},
}

@article{parr:2006,
	author = {Parr, T.},
	citeulike-article-id = {9232007},
	journal = {URL http://www. cs. usfca. edu/\~{} parrt/papers/ST. pdf},
	keywords = {papers},
	posted-at = {2011-04-30 09:25:57},
	priority = {2},
	title = {{A functional language for generating structured text (Draft)}},
	year = {2006}
}